@article{todd2016opentimestamps,
  title={OpenTimestamps: Scalable, Trust-Minimized, Distributed Timestamping with Bitcoin},
  author={Todd, Peter},
  year={2016},
  howpublished="\url{https://petertodd.org/2016/opentimestamps-announcement}",
  note="\url{https://petertodd.org/2016/opentimestamps-announcement}"
}

@misc{rwot6san30:online,
  key = {WebOfTrust},
  title = {rwot6-santabarbara/DID-Method-erc725.md at master 路 WebOfTrustInfo/rwot6-santabarbara},
  howpublished = {\url{https://github.com/WebOfTrustInfo/rwot6-santabarbara/blob/master/topics-and-advance-readings/DID-Method-erc725.md}},
  month = {},
  year = {},
  note = {(Accessed on 02/28/2019)}
}

@misc{Decentra50:online,
  key = {w3c},
  title = {Decentralized Identifiers (DIDs) v0.11},
  howpublished = {\url{https://w3c-ccg.github.io/did-spec/}},
  note = {(Accessed on 02/27/2019)}
}

@misc{EIPseip791:online,
  author = {},
  title = {EIPs/eip-725.md at master 路 ethereum/EIPs},
  howpublished = {\url{https://github.com/ethereum/EIPs/blob/master/EIPS/eip-725.md}},
  month = {},
  year = {},
  note = {(Accessed on 02/27/2019)}
}

@misc{ERCLight27:online,
  author = {Vogelsteller, Fabian},
  title = {ERC: Lightweight Identity 路 Issue \#1056 路 ethereum/EIPs},
  howpublished = {\url{https://github.com/ethereum/EIPs/issues/1056}},
  month = {},
  year = {},
  note = {(Accessed on 02/27/2019)}
}

@inproceedings{clark2012commitcoin,
  title={Commitcoin: Carbon dating commitments with bitcoin},
  author={Clark, Jeremy and Essex, Aleksander},
  booktitle={International Conference on Financial Cryptography and Data Security},
  pages={390--398},
  year={2012},
  organization={Springer},
  note="\url{https://eprint.iacr.org/2011/677.pdf}"
}

@article{heiberg2018trade,
  title={On Trade-offs of Applying Block Chains for Electronic Voting Bulletin Boards},
  author={Heiberg, Sven and Kubjas, Ivo and Siim, Janno and Willemson, Jan},
  journal={E-Vote-ID 2018},
  pages={259},
  year={2018},
  note="\url{https://eprint.iacr.org/2018/685.pdf}"
  
}

@article{poon2016lightningnetwork,
  title={The Bitcoin Lightning Network: Scalable Off-Chain Instant Payments},
  author={Poon, Joseph},
  year={2016},
  howpublished="\url{http://lightning.network/lightning-network-paper.pdf}",
  note="\url{http://lightning.network/lightning-network-paper.pdf}"
}

@article{nakamoto2008bitcoin,
  title={Bitcoin: A peer-to-peer electronic cash system},
  author={Nakamoto, Satoshi and others},
  year={2008},
  note="\url{http://www.academia.edu/download/54517945/Bitcoin_paper_Original_2.pdf}",
  howpublished="\url{http://www.academia.edu/download/54517945/Bitcoin_paper_Original_2.pdf}"
}

@article{centrifuge2018nft,
  title={Privacy-Enabled NFTs: Self-Mintable Non-Fungible Tokens With Private Off-Chain Data},
  author={Stehlik, Philip and others},
  year={2018},
  note="\url{https://github.com/centrifuge/paper-privacy-enabled-nfts/releases/download/v1.01/paper-privacy-enabled-nfts.pdf}",
  howpublished="\url{https://github.com/centrifuge/paper-privacy-enabled-nfts/releases/download/v1.01/paper-privacy-enabled-nfts.pdf}"
}

@techreport{pagnia1999fairexchange,
  title={On the Impossibility of Fair Exchange without a Trusted Third Party},
  author={Pagnia, Henning},
  year={1999},
  note="\url{https://www.cs.utexas.edu/~shmat/courses/cs395t_fall04/pagnia.pdf}"
}

@misc{coleman2018counterfactual,
  title={Counterfactual: Generalized state channels},
  author={Coleman, Jeff and Horne, Liam and Xuanji, Li},
  year={2018},
  note="\url{https://l4.ventures/papers/statechannels.pdf}",
  howpublished="\url{https://l4.ventures/papers/statechannels.pdf}"
}

@misc{quorumprivatetransactionwiki,
  key={quorum}
  title={Transaction Processing - Quorum Wiki},
  note="\url{https://github.com/jpmorganchase/quorum/wiki/Transaction-Processing/9637df4934995acbd81948e28501fcd5f9b7df83}",
}